% Optional fields: volume, number, pages, month, note
@ARTICLE{SAE_J3016,
	author = {SAE International},
	title = {AUTOMATED DRIVING},
	journal = {J3016},
	year = {2014}
}
% Optional fields: author, title, howpublished, month, year, note
@MISC{GOOG_SITE,
	author = {Google},
	title = {Google Self-Driving Car Project},
	howpublished = {\url{http://www.google.com/selfdrivingcar/}},
  	note = {Tilgået: 09-09-2015}
	
}
% Optional fields: author, title, howpublished, month, year, note
@MISC{GOOG_MONTHLY,
	author = {Google},
	title = {Google Self-Driving Car Project - Monthly Report},
	howpublished = {\url{https://static.googleusercontent.com/media/www.google.com/en//selfdrivingcar/files/reports/report-0815.pdf}},
  	note = {Tilgået: 09-09-2015}
}
% Optional fields: author, title, howpublished, month, year, note
@MISC{VOX,
	author = {Joseph Stromberg},
	title = {Why Google's self-driving cars will be great for cyclists and pedestrians},
	howpublished = {\url{http://www.vox.com/2015/8/31/9222959/google-car-self-driving}},
	note = {Tilgået: 09-09-2015}
}
@MISC{B,
	author = {Lasse Byrdal},
	title = {Staten scorer kassen på fartbøder},
	howpublished = {\url{http://www.b.dk/nationalt/staten-scorer-kassen-paa-fartboeder}},
	note = {Tilgået: 09-09-2015}
}
